<?xml version="1.0" encoding="utf-8"?>
<record xmlns="http://www.loc.gov/MARC21/slim" xmlns:xsi="http://www.w3.org/2001/XMLSchema-instance" xsi:schemaLocation="http://www.loc.gov/MARC21/slim http://www.loc.gov/standards/marcxml/schema/MARC21slim.xsd">
	<leader>     nam a22        4500</leader>
	<controlfield tag="001">1930350</controlfield>
	<controlfield tag="003">NIC</controlfield>
	<controlfield tag="006">m        d        </controlfield>
	<controlfield tag="007">cr cn |||m|||a</controlfield>
	<controlfield tag="008">160623q19001986ua      o     000 0 ara d</controlfield>
	<datafield ind1=" " ind2=" " tag="040">
		<subfield code="a">NNU</subfield>
		<subfield code="b">eng</subfield>
		<subfield code="e">rda</subfield>
		<subfield code="c">NNU</subfield>
	</datafield>
	<datafield ind1=" " ind2="4" tag="050">
		<subfield code="a">D16.7</subfield>
		<subfield code="b">.I236 1900z</subfield>
	</datafield>
	<datafield ind1="0" ind2=" " tag="100">
		<subfield code="6">880-01</subfield>
		<subfield code="a">Ibn Khaldūn,</subfield>
		<subfield code="d">1332-1406.</subfield>
	</datafield>
	<datafield ind1="1" ind2="0" tag="240">
		<subfield code="6">880-02</subfield>
		<subfield code="a">Kitāb al-ʻibar.</subfield>
		<subfield code="p">Muqaddimah</subfield>
	</datafield>
	<datafield ind1="1" ind2="0" tag="245">
		<subfield code="6">880-03</subfield>
		<subfield code="a">Muqaddimat Ibn Khaldūn li-Kitāb al-ʻibar wa-dīwān al-mubtadaʼ wa-al-Khabar fī ayyām al-ʻArab wa-al-ʻAjam wa-al-Barbar, wa-man ʻāṣarahum min dhawī al-sulṭān al-akbar /</subfield>
		<subfield code="c">wa-huwa tārk̄h ʻAbd al-Raḥmān ibn Khaldūn al-Maghribī ; ṭubiʻa ʻalá nafaqat ʻAbd Raḥmān Muḥammad.</subfield>
	</datafield>
	<datafield ind1=" " ind2=" " tag="260">
		<subfield code="6">880-04</subfield>
		<subfield code="a">Miṣr :</subfield>
		<subfield code="b">al-Maṭabaʻah al-Bahīyah al-Miṣrīyah,</subfield>
		<subfield code="c">[19--]</subfield>
	</datafield>
	<datafield ind1=" " ind2=" " tag="300">
		<subfield code="a">online resource (456 pages)</subfield>
	</datafield>
	<datafield ind1=" " ind2=" " tag="336">
		<subfield code="a">text</subfield>
		<subfield code="2">rdacontent</subfield>
	</datafield>
	<datafield ind1=" " ind2=" " tag="337">
		<subfield code="a">computer</subfield>
		<subfield code="2">rdamedia</subfield>
	</datafield>
	<datafield ind1=" " ind2=" " tag="338">
		<subfield code="a">online resource</subfield>
		<subfield code="2">rdacarrier</subfield>
	</datafield>
	<datafield ind1=" " ind2=" " tag="500">
		<subfield code="a">Part of the Arabic Collections Online (ACO) project, contributed by Cornell University Libraries.</subfield>
	</datafield>
	<datafield ind1=" " ind2=" " tag="533">
		<subfield code="a">Electronic reproduction.</subfield>
		<subfield code="b">New York, N.Y. :</subfield>
		<subfield code="c">New York University,</subfield>
		<subfield code="d">2016.</subfield>
		<subfield code="5">NNU</subfield>
	</datafield>
	<datafield ind1=" " ind2="0" tag="650">
		<subfield code="a">History</subfield>
		<subfield code="x">Philosophy.</subfield>
	</datafield>
	<datafield ind1=" " ind2="7" tag="650">
		<subfield code="a">History</subfield>
		<subfield code="x">Philosophy.</subfield>
		<subfield code="2">fast</subfield>
		<subfield code="0">(OCoLC)fst00958266</subfield>
	</datafield>
	<datafield ind1="0" ind2="2" tag="700">
		<subfield code="a">Ibn Khaldūn,</subfield>
		<subfield code="d">1332-1406.</subfield>
		<subfield code="t">Muqaddimat Ibn Khaldūn li-Kitāb al-ʻibar wa-dīwān al-mubtadaʼ wa-al-khabar fī ayyām al-ʻArab wa-al-ʻAjam wa-al-Barbar, wa-man ʻāṣarahum min dhawī al-sulṭān al-akbar.</subfield>
		<subfield code="f">1900.</subfield>
	</datafield>
	<datafield ind1="2" ind2=" " tag="710">
		<subfield code="a">Cornell University.</subfield>
		<subfield code="b">Libraries.</subfield>
	</datafield>
	<datafield ind1="0" ind2=" " tag="730">
		<subfield code="a">Arabic Collections Online.</subfield>
	</datafield>
	<datafield ind1="0" ind2="8" tag="776">
		<subfield code="i">Print version:</subfield>
		<subfield code="a">Ibn Khaldūn, 1332-1406.</subfield>
		<subfield code="t">Muqaddimat Ibn Khaldūn li-Kitāb al-ʻibar wa-dīwān al-mubtadaʼ wa-al-Khabar fī ayyām al-ʻArab wa-al-ʻAjam wa-al-Barbar, wa-man ʻāṣarahum min dhawī al-sulṭān al-akbar</subfield>
		<subfield code="w">(NIC)1930350</subfield>
		<subfield code="w">(OCoLC)61553541</subfield>
	</datafield>
	<datafield ind1="4" ind2="0" tag="856">
		<subfield code="u">http://hdl.handle.net/2333.1/9ghx3k22</subfield>
	</datafield>
	<datafield ind1="0" ind2=" " tag="880">
		<subfield code="6">100-01/r</subfield>
		<subfield code="a">ابن خلدون،</subfield>
		<subfield code="d">1332-1406.</subfield>
	</datafield>
	<datafield ind1="1" ind2="0" tag="880">
		<subfield code="6">240-02/r</subfield>
		<subfield code="a">كتاب العبر.</subfield>
		<subfield code="p">مقدمة</subfield>
	</datafield>
	<datafield ind1="1" ind2="0" tag="880">
		<subfield code="6">245-03/r</subfield>
		<subfield code="a">مقدمة ابن خلدون :</subfield>
		<subfield code="b">لكتاب العبر وديوان المبتدا والخبر في ايام العرب والعجم والبربر ومن عاصرهم من ذوي السلطان الاكبر /</subfield>
		<subfield code="c">عبد الرحمن ابن خلدون المغربي.</subfield>
	</datafield>
	<datafield ind1=" " ind2=" " tag="880">
		<subfield code="6">260-04/r</subfield>
		<subfield code="a">مصر :</subfield>
		<subfield code="b">المطبعة البهية المصرية،</subfield>
		<subfield code="c">[19--]</subfield>
	</datafield>
	<datafield ind1=" " ind2=" " tag="959">
		<subfield code="a">NNU</subfield>
		<subfield code="b">WEB</subfield>
		<subfield code="c">GENI</subfield>
		<subfield code="t">0</subfield>
		<subfield code="m">Electronic access</subfield>
		<subfield code="s">01</subfield>
	</datafield>
	<datafield ind1=" " ind2=" " tag="999">
		<subfield code="i">NIC_1930350</subfield>
		<subfield code="o">(OCoLC)ocm61553541</subfield>
		<subfield code="s">cornell_aco000731</subfield>
		<subfield code="e">(ERROR-880)</subfield>
		<subfield code="s">cornell_aco000731</subfield>
	</datafield>
</record>
